@article{ppr:1,
  title={Understanding and enhancement of internal clustering validation measures},
  author={Liu, Yanchi and Li, Zhongmou and Xiong, Hui and Gao, Xuedong and Wu, Junjie and Wu, Sen},
  journal={IEEE transactions on cybernetics},
  volume={43},
  number={3},
  pages={982--994},
  year={2013},
  publisher={IEEE}
}
@article{ppr:2,
  title={How many clusters: A validation index for arbitrary-shaped clusters},
  author={Baya, Ariel E and Granitto, Pablo M},
  journal={IEEE/ACM Transactions on Computational Biology and Bioinformatics (TCBB)},
  volume={10},
  number={2},
  pages={401--414},
  year={2013},
  publisher={IEEE Computer Society Press}
}
@article{ppr:3,
  title={Cluster Validation Method for Determining the Number of Clusters in Categorical Sequences},
  author={Guo, Gongde and Chen, Lifei and Ye, Yanfang and Jiang, Qingshan},
  journal={IEEE transactions on neural networks and learning systems},
  year={2016},
  publisher={IEEE}
}
@article{ppr:4,
  title={Survey of clustering algorithms},
  author={Xu, Rui and Wunsch, Donald},
  journal={IEEE Transactions on neural networks},
  volume={16},
  number={3},
  pages={645--678},
  year={2005},
  publisher={IEEE}
}
@article{ppr:5,
  title={Data clustering: 50 years beyond K-means},
  author={Jain, Anil K},
  journal={Pattern recognition letters},
  volume={31},
  number={8},
  pages={651--666},
  year={2010},
  publisher={Elsevier}
}
@inproceedings{ppr:6,
  title={Evolutionary clustering},
  author={Chakrabarti, Deepayan and Kumar, Ravi and Tomkins, Andrew},
  booktitle={Proceedings of the 12th ACM SIGKDD international conference on Knowledge discovery and data mining},
  pages={554--560},
  year={2006},
  organization={ACM}
}
@article{ppr:7,
  title={A survey of evolutionary algorithms for clustering},
  author={Hruschka, Eduardo Raul and Campello, Ricardo JGB and Freitas, Alex A and others},
  journal={IEEE Transactions on Systems, Man, and Cybernetics, Part C (Applications and Reviews)},
  volume={39},
  number={2},
  pages={133--155},
  year={2009},
  publisher={IEEE}
}
@inproceedings{ppr:8,
  title={A new optimizer using particle swarm theory},
  author={Eberhart, Russell and Kennedy, James},
  booktitle={Micro Machine and Human Science, 1995. MHS'95., Proceedings of the Sixth International Symposium on},
  pages={39--43},
  year={1995},
  organization={IEEE}
}
@inproceedings{ppr:9,
  title={Defining a standard for particle swarm optimization},
  author={Bratton, Daniel and Kennedy, James},
  booktitle={Swarm Intelligence Symposium, 2007. SIS 2007. IEEE},
  pages={120--127},
  year={2007},
  organization={IEEE}
}
@book{ppr:10,
  title={Particle swarm optimization},
  author={Clerc, Maurice},
  volume={93},
  year={2010},
  publisher={John Wiley \& Sons}
}
@book{ppr:11,
  title={Data mining: concepts and techniques},
  author={Han, Jiawei and Pei, Jian and Kamber, Micheline},
  year={2011},
  publisher={Elsevier}
}
@article{ppr:12,
  title={Clustering algorithms: on learning, validation, performance, and applications to genomics},
  author={Dalton, Lori and Ballarin, Virginia and Brun, Marcel},
  journal={Current genomics},
  volume={10},
  number={6},
  pages={430--445},
  year={2009},
  publisher={Bentham Science Publishers}
}
@incollection{ppr:13,
  title={How many bee species? A case study in determining the number of clusters},
  author={Hennig, Christian},
  booktitle={Data Analysis, Machine Learning and Knowledge Discovery},
  pages={41--49},
  year={2014},
  publisher={Springer}
}
@article{ppr:14,
  title={Comparing clusteringsâ€”an information based distance},
  author={Meil{\u{a}}, Marina},
  journal={Journal of multivariate analysis},
  volume={98},
  number={5},
  pages={873--895},
  year={2007},
  publisher={Elsevier}
}
@article{ppr:15,
  title={Differential evolution--a simple and efficient heuristic for global optimization over continuous spaces},
  author={Storn, Rainer and Price, Kenneth},
  journal={Journal of global optimization},
  volume={11},
  number={4},
  pages={341--359},
  year={1997},
  publisher={Springer}
}