@book{pavella2012transient,
  title={Transient stability of power systems: a unified approach to assessment and control},
  author={Pavella, Mania and Ernst, Damien and Ruiz-Vega, Daniel},
  year={2012},
  publisher={Springer Science \& Business Media}
}
@book{padiyar2013structure,
  title={Structure preserving energy functions in power systems: theory and applications},
  author={Padiyar, KR},
  year={2013},
  publisher={CRC Press}
}
@article{ortega2005transient,
  title={Transient stabilization of multimachine power systems with nontrivial transfer conductances},
  author={Ortega, Romeo and Galaz, Martha and Astolfi, Alessandro and Sun, Yuanzhang and Shen, Tielong},
  journal={IEEE Transactions on Automatic Control},
  volume={50},
  number={1},
  pages={60--75},
  year={2005},
  publisher={IEEE}
}
@book{chiang2011direct,
  title={Direct methods for stability analysis of electric power systems: theoretical foundation, BCU methodologies, and applications},
  author={Chiang, Hsiao-Dong},
  year={2011},
  publisher={John Wiley \& Sons}
}
@article{narasimhamurthi1984existence,
  title={On the existence of energy function for power systems with transmission losses},
  author={Narasimhamurthi, NATARAJAN},
  journal={IEEE transactions on circuits and systems},
  volume={31},
  number={2},
  pages={199--203},
  year={1984},
  publisher={IEEE}
}
@article{dorfler2012synchronization,
  title={Synchronization and transient stability in power networks and nonuniform Kuramoto oscillators},
  author={Dorfler, Florian and Bullo, Francesco},
  journal={SIAM Journal on Control and Optimization},
  volume={50},
  number={3},
  pages={1616--1642},
  year={2012},
  publisher={SIAM}
}
@article{poincare1899methodes,
  title={Les m{\'e}thodes nouvelles de la m{\'e}canique c{\'e}leste},
  author={Poincar{\'e}, Henri and Magini, R},
  journal={Il Nuovo Cimento (1895-1900)},
  volume={10},
  number={1},
  pages={128--130},
  year={1899},
  publisher={Springer}
}
@article{goriely1996integrability,
  title={Integrability, partial integrability, and nonintegrability for systems of ordinary differential equations},
  author={Goriely, Alain},
  journal={Journal of Mathematical Physics},
  volume={37},
  number={4},
  pages={1871--1893},
  year={1996},
  publisher={AIP Publishing}
}
@incollection{grammaticos1997integrability,
  title={Integrabilityâ€”and how to detect it},
  author={Grammaticos, B and Ramani, A},
  booktitle={Integrability of Nonlinear Systems},
  pages={30--94},
  year={1997},
  publisher={Springer}
}
@article{watanabe1994constants,
  title={Constants of motion for superconducting Josephson arrays},
  author={Watanabe, Shinya and Strogatz, Steven H},
  journal={Physica D: Nonlinear Phenomena},
  volume={74},
  number={3},
  pages={197--253},
  year={1994},
  publisher={Elsevier}
}
@article{pikovsky2009self,
  title={Self-organized partially synchronous dynamics in populations of nonlinearly coupled oscillators},
  author={Pikovsky, Arkady and Rosenblum, Michael},
  journal={Physica D: Nonlinear Phenomena},
  volume={238},
  number={1},
  pages={27--37},
  year={2009},
  publisher={Elsevier}
}
@article{gupta2015support,
  title={Support-vector-machine-based proactive cascade prediction in smart grid using probabilistic framework},
  author={Gupta, Sudha and Kambli, Ruta and Wagh, Sushama and Kazi, Faruk},
  journal={IEEE Transactions on Industrial Electronics},
  volume={62},
  number={4},
  pages={2478--2486},
  year={2015},
  publisher={IEEE}
}
@article{diacu1996solution,
  title={The solution of the n-body problem},
  author={Diacu, Florin},
  journal={The Mathematical Intelligencer},
  volume={18},
  number={3},
  pages={66--70},
  year={1996},
  publisher={Springer}
}