@article{marvel2009invariant,
  title={Invariant submanifold for series arrays of Josephson junctions},
  author={Marvel, Seth A and Strogatz, Steven H},
  journal={Chaos: An Interdisciplinary Journal of Nonlinear Science},
  volume={19},
  number={1},
  pages={013132},
  year={2009},
  publisher={AIP Publishing}
}
@article{yin2012synchronization,
  title={Synchronization of coupled oscillators is a game},
  author={Yin, Huibing and Mehta, Prashant G and Meyn, Sean P and Shanbhag, Uday V},
  journal={IEEE Transactions on Automatic Control},
  volume={57},
  number={4},
  pages={920--935},
  year={2012},
  publisher={IEEE}
}