@book{pavella2012transient,
  title={Transient stability of power systems: a unified approach to assessment and control},
  author={Pavella, Mania and Ernst, Damien and Ruiz-Vega, Daniel},
  year={2012},
  publisher={Springer Science \& Business Media}
}
@book{padiyar2013structure,
  title={Structure preserving energy functions in power systems: theory and applications},
  author={Padiyar, KR},
  year={2013},
  publisher={CRC Press}
}
@article{ortega2005transient,
  title={Transient stabilization of multimachine power systems with nontrivial transfer conductances},
  author={Ortega, Romeo and Galaz, Martha and Astolfi, Alessandro and Sun, Yuanzhang and Shen, Tielong},
  journal={IEEE Transactions on Automatic Control},
  volume={50},
  number={1},
  pages={60--75},
  year={2005},
  publisher={IEEE}
}
@book{chiang2011direct,
  title={Direct methods for stability analysis of electric power systems: theoretical foundation, BCU methodologies, and applications},
  author={Chiang, Hsiao-Dong},
  year={2011},
  publisher={John Wiley \& Sons}
}
@article{narasimhamurthi1984existence,
  title={On the existence of energy function for power systems with transmission losses},
  author={Narasimhamurthi, NATARAJAN},
  journal={IEEE transactions on circuits and systems},
  volume={31},
  number={2},
  pages={199--203},
  year={1984},
  publisher={IEEE}
}
@article{dorfler2012synchronization,
  title={Synchronization and transient stability in power networks and nonuniform Kuramoto oscillators},
  author={Dorfler, Florian and Bullo, Francesco},
  journal={SIAM Journal on Control and Optimization},
  volume={50},
  number={3},
  pages={1616--1642},
  year={2012},
  publisher={SIAM}
}
@article{poincare1899methodes,
  title={Les m{\'e}thodes nouvelles de la m{\'e}canique c{\'e}leste},
  author={Poincar{\'e}, Henri and Magini, R},
  journal={Il Nuovo Cimento (1895-1900)},
  volume={10},
  number={1},
  pages={128--130},
  year={1899},
  publisher={Springer}
}
@article{goriely1996integrability,
  title={Integrability, partial integrability, and nonintegrability for systems of ordinary differential equations},
  author={Goriely, Alain},
  journal={Journal of Mathematical Physics},
  volume={37},
  number={4},
  pages={1871--1893},
  year={1996},
  publisher={AIP Publishing}
}
@incollection{grammaticos1997integrability,
  title={Integrabilityâ€”and how to detect it},
  author={Grammaticos, B and Ramani, A},
  booktitle={Integrability of Nonlinear Systems},
  pages={30--94},
  year={1997},
  publisher={Springer}
}
@article{watanabe1994constants,
  title={Constants of motion for superconducting Josephson arrays},
  author={Watanabe, Shinya and Strogatz, Steven H},
  journal={Physica D: Nonlinear Phenomena},
  volume={74},
  number={3},
  pages={197--253},
  year={1994},
  publisher={Elsevier}
}
@article{pikovsky2009self,
  title={Self-organized partially synchronous dynamics in populations of nonlinearly coupled oscillators},
  author={Pikovsky, Arkady and Rosenblum, Michael},
  journal={Physica D: Nonlinear Phenomena},
  volume={238},
  number={1},
  pages={27--37},
  year={2009},
  publisher={Elsevier}
}
@article{gupta2015support,
  title={Support-vector-machine-based proactive cascade prediction in smart grid using probabilistic framework},
  author={Gupta, Sudha and Kambli, Ruta and Wagh, Sushama and Kazi, Faruk},
  journal={IEEE Transactions on Industrial Electronics},
  volume={62},
  number={4},
  pages={2478--2486},
  year={2015},
  publisher={IEEE}
}
@article{diacu1996solution,
  title={The solution of the n-body problem},
  author={Diacu, Florin},
  journal={The Mathematical Intelligencer},
  volume={18},
  number={3},
  pages={66--70},
  year={1996},
  publisher={Springer}
}
@book{Gross,
  title={Adaptive networks},
  author={Gross, Thilo and Sayama, Hiroki},
  year={2009},
  publisher={Springer}
}

@article{Cap,
  title={Self-organized network evolution coupled to extremal dynamics},
  author={Garlaschelli, Diego and Capocci, Andrea and Caldarelli, Guido},
  journal={Nature Physics},
  volume={3},
  number={11},
  pages={813--817},
  year={2007},
  publisher={Nature Publishing Group}
}


@inproceedings{De,
  title={Evolving Topologies for Network Synchronization},
  author={DeLellis, Pietro and Garofalo, Franco and Porfiri, Maurizio and others},
  booktitle={2010 Complexity in Engineering},
  pages={115--117},
  year={2010},
  organization={IEEE}
}

@book{Pikov,
  title={Synchronization: a universal concept in nonlinear sciences},
  author={Pikovsky, Arkady and Rosenblum, Michael and Kurths, J{\"u}rgen},
  volume={12},
  year={2003},
  publisher={Cambridge university press}
}

@article{Weak,
  title={Weak Links: Stabilizers of Complex Systems from Proteins to Social Networks. Peter Csermely.(2006, Springer.) Hardcover, $64.95, 410 pages},
  author={Watkins, Jennifer H and Rodriguez, Marko A},
  journal={Artificial Life},
  volume={13},
  number={2},
  pages={207--208},
  year={2007},
  publisher={MIT Press}
}

@article{Strot,
  title={From Kuramoto to Crawford: exploring the onset of synchronization in populations of coupled oscillators},
  author={Strogatz, Steven H},
  journal={Physica D: Nonlinear Phenomena},
  volume={143},
  number={1},
  pages={1--20},
  year={2000},
  publisher={Elsevier}
}

@article{Dor,
  title={Synchronization and transient stability in power networks and nonuniform Kuramoto oscillators},
  author={Dorfler, Florian and Bullo, Francesco},
  journal={SIAM Journal on Control and Optimization},
  volume={50},
  number={3},
  pages={1616--1642},
  year={2012},
  publisher={SIAM}
}

@article{Kurths,
  title={Adaptive coupling induced multi-stable states in complex networks},
  author={Chandrasekar, VK and Sheeba, Jane H and Subash, B and Lakshmanan, M and Kurths, J},
  journal={Physica D: Nonlinear Phenomena},
  volume={267},
  pages={36--48},
  year={2014},
  publisher={Elsevier}
}


@article{Chiang,
  title={Direct stability analysis of electric power systems using energy functions: theory, applications, and perspective},
  author={Chang, Hsiao-Dong and Chu, Chia-Chi and Cauley, Gerry},
  journal={Proceedings of the IEEE},
  volume={83},
  number={11},
  pages={1497--1529},
  year={1995},
  publisher={IEEE}
}


@book{Chen,
  title={Adaptive networks},
  author={Gross, Thilo and Sayama, Hiroki},
  year={2009},
  publisher={Springer}
}

@article{Ort,
  title={Transient stabilization of multimachine power systems with nontrivial transfer conductances},
  author={Ortega, Romeo and Galaz, Martha and Astolfi, Alessandro and Sun, Yuanzhang and Shen, Tielong},
  journal={Automatic Control, IEEE Transactions on},
  volume={50},
  number={1},
  pages={60--75},
  year={2005},
  publisher={IEEE}
}


@book{Mei,
  title={Power grid complexity},
  author={Mei, Shengwei and Zhang, Xuemin and Cao, Ming},
  year={2011},
  publisher={Springer Science \& Business Media}
}

