@book{Gross,
  title={Adaptive networks},
  author={Gross, Thilo and Sayama, Hiroki},
  year={2009},
  publisher={Springer}
}
@article{marvel2009invariant,
  title={Invariant submanifold for series arrays of Josephson junctions},
  author={Marvel, Seth A and Strogatz, Steven H},
  journal={Chaos: An Interdisciplinary Journal of Nonlinear Science},
  volume={19},
  number={1},
  pages={013132},
  year={2009},
  publisher={AIP Publishing}
}

@article{Cap,
  title={Self-organized network evolution coupled to extremal dynamics},
  author={Garlaschelli, Diego and Capocci, Andrea and Caldarelli, Guido},
  journal={Nature Physics},
  volume={3},
  number={11},
  pages={813--817},
  year={2007},
  publisher={Nature Publishing Group}
}
@article{ji2014low,
  title={Low-dimensional behavior of Kuramoto model with inertia in complex networks},
  author={Ji, Peng and Peron, Thomas KDM and Rodrigues, Francisco A and Kurths, J{\"u}rgen},
  journal={Scientific reports},
  volume={4},
  year={2014},
  publisher={Nature Publishing Group}
}

@inproceedings{De,
  title={Evolving Topologies for Network Synchronization},
  author={DeLellis, Pietro and Garofalo, Franco and Porfiri, Maurizio and others},
  booktitle={2010 Complexity in Engineering},
  pages={115--117},
  year={2010},
  organization={IEEE}
}

@book{Pikov,
  title={Synchronization: a universal concept in nonlinear sciences},
  author={Pikovsky, Arkady and Rosenblum, Michael and Kurths, J{\"u}rgen},
  volume={12},
  year={2003},
  publisher={Cambridge university press}
}

@article{Weak,
  title={Weak Links: Stabilizers of Complex Systems from Proteins to Social Networks. Peter Csermely.(2006, Springer.) Hardcover, $64.95, 410 pages},
  author={Watkins, Jennifer H and Rodriguez, Marko A},
  journal={Artificial Life},
  volume={13},
  number={2},
  pages={207--208},
  year={2007},
  publisher={MIT Press}
}

@article{Strot,
  title={From Kuramoto to Crawford: exploring the onset of synchronization in populations of coupled oscillators},
  author={Strogatz, Steven H},
  journal={Physica D: Nonlinear Phenomena},
  volume={143},
  number={1},
  pages={1--20},
  year={2000},
  publisher={Elsevier}
}

@article{Dor,
  title={Synchronization and transient stability in power networks and nonuniform Kuramoto oscillators},
  author={Dorfler, Florian and Bullo, Francesco},
  journal={SIAM Journal on Control and Optimization},
  volume={50},
  number={3},
  pages={1616--1642},
  year={2012},
  publisher={SIAM}
}

@article{Kurths,
  title={Adaptive coupling induced multi-stable states in complex networks},
  author={Chandrasekar, VK and Sheeba, Jane H and Subash, B and Lakshmanan, M and Kurths, J},
  journal={Physica D: Nonlinear Phenomena},
  volume={267},
  pages={36--48},
  year={2014},
  publisher={Elsevier}
}


@article{Chiang,
  title={Direct stability analysis of electric power systems using energy functions: theory, applications, and perspective},
  author={Chang, Hsiao-Dong and Chu, Chia-Chi and Cauley, Gerry},
  journal={Proceedings of the IEEE},
  volume={83},
  number={11},
  pages={1497--1529},
  year={1995},
  publisher={IEEE}
}


@book{Chen,
  title={Adaptive networks},
  author={Gross, Thilo and Sayama, Hiroki},
  year={2009},
  publisher={Springer}
}

@article{Ort,
  title={Transient stabilization of multimachine power systems with nontrivial transfer conductances},
  author={Ortega, Romeo and Galaz, Martha and Astolfi, Alessandro and Sun, Yuanzhang and Shen, Tielong},
  journal={Automatic Control, IEEE Transactions on},
  volume={50},
  number={1},
  pages={60--75},
  year={2005},
  publisher={IEEE}
}


@book{Mei,
  title={Power grid complexity},
  author={Mei, Shengwei and Zhang, Xuemin and Cao, Ming},
  year={2011},
  publisher={Springer Science \& Business Media}
}
@article{klein1991fundamental,
  title={A fundamental study of inter-area oscillations in power systems},
  author={Klein, M and Rogers, GJ and Kundur, P and others},
  journal={IEEE Transactions on Power Systems},
  volume={6},
  number={3},
  pages={914--921},
  year={1991}
}

